@misc{streamlet,
    title={Streamlet: Textbook Streamlined Blockchains},
    author={Benjamin Y. Chan, Elaine Shi},
    year={2020},
}

@misc{project-description,
    title={Project Description},
    author={Alysson Bessani},
    year={2024},
}